<record><leader>00000cas a2200000 a 4500</leader><controlfield tag="001">12378614</controlfield><controlfield tag="008">850813d19021903ksuwr ne      0    0eng d</controlfield><datafield ind1=" " ind2=" " tag="010"><subfield code="a">sn 85031769 </subfield></datafield><datafield ind1=" " ind2=" " tag="040"><subfield code="a">KSH</subfield><subfield code="b">eng</subfield><subfield code="c">KSH</subfield><subfield code="d">NPT</subfield><subfield code="d">OCL</subfield><subfield code="d">OCLCQ</subfield></datafield><datafield ind1=" " ind2=" " tag="042"><subfield code="a">msc</subfield></datafield><datafield ind1="0" ind2="0" tag="245"><subfield code="a">Chase breeze.</subfield></datafield><datafield ind1=" " ind2=" " tag="260"><subfield code="a">Chase, Kan. :</subfield><subfield code="b">C.R. Caldwell,</subfield><subfield code="c">1902-1903.</subfield></datafield><datafield ind1=" " ind2=" " tag="300"><subfield code="a">1 v. :</subfield><subfield code="b">ill. (chiefly advertisements) ;</subfield><subfield code="c">39 cm.</subfield></datafield><datafield ind1=" " ind2=" " tag="310"><subfield code="a">Weekly</subfield></datafield><datafield ind1="0" ind2=" " tag="362"><subfield code="a">Vol. 1, no. 1 (June 12, 1902)-v. 1, no. 50 (May 21, 1903).</subfield></datafield><datafield ind1=" " ind2=" " tag="752"><subfield code="a">United States</subfield><subfield code="b">Kansas</subfield><subfield code="c">Rice</subfield><subfield code="d">Chase.</subfield></datafield><datafield ind1="0" ind2="0" tag="785"><subfield code="t">Chase register</subfield><subfield code="w">(DLC)sn 85031775</subfield></datafield></record>